@article{Aad2012,
  title={Observation of a new particle in the search for the Standard Model Higgs boson with the ATLAS detector at the LHC},
  author={Aad, Georges and Abajyan, Tatevik and Abbott, B and Abdallah, J and Khalek, S Abdel and Abdelalim, Ahmed Ali and Aben, R and Abi, B and Abolins, M and AbouZeid, OS and others},
  journal={Physics Letters B},
  volume={716},
  number={1},
  pages={1--29},
  year={2012},
  publisher={Elsevier}
}

@misc{Guardian,
	author={{Ian Sample, The Guardian}},
	title={Higgs boson: it's unofficial! Cern scientists discover missing particle},
	howpublished={\url{https://www.theguardian.com/science/2012/jul/04/higgs-boson-cern-scientists-discover}},
	note = {Accessed 2020-10-01},
	year={2018}
}

@article{Higgs1964,
  title={Broken symmetries and the masses of gauge bosons},
  author={Higgs, Peter W},
  journal={Physical Review Letters},
  volume={13},
  number={16},
  pages={508},
  year={1964},
  publisher={APS}
}

@misc{CERN,
	author={LHC Phyiscs at Ten},
	title={{The Higgs boson: Revealing nature's secrets}},
	howpublished=\url{https://home.cern/news/series/lhc-physics-ten/higgs-boson-revealing-natures-secrets},
	note = {Accessed 2020-10-01},
	year={2020}
}

